@book{kennedy1997comparison,
    title={Comparison of several numerical methods for simulation of compressible shear layers},
    author={Kennedy, Christopher A},
    volume={3484},
    year={1997},
    publisher={NASA, Langley Research Center}
}
