@article{oberkampf2002verification,
    title={Verification and validation in computational fluid dynamics},
    author={Oberkampf, William L and Trucano, Timothy G},
    journal={Progress in aerospace sciences},
    volume={38},
    number={3},
    pages={209--272},
    year={2002},
    publisher={Elsevier}
}
